@article{Kato:2017DL,
	author = {N. Kato},
	title = {The Deep Learning Vision for Heterogeneous Network Traffic Control: Proposal, Challenges, and Perspective},
	journal = {IEEE Wireless},
	year = {2017},
	volume = {24},
	pages = {146-53},
	number = {3},
	month = {June},
	publisher = {DOI: 10.1109/MWC.2016.1600317WC}
}

@article{Dong:2017IoT,
	author = {L. Li, K. Ota, and M. Dong},
	title = {When Weather Matters: IoTBased Electrical Load Forecasting for Smart Grid},
	journal = {IEEE Commun},
	year = {2017},
	volume = {55},
	pages = {46-51},
	number = {10},
	month = {Oct},
	publisher = {Mag}
}